@article{davis2007can,
	author={Davis, Robert I and Burns, Alan and Bril, Reinder J and Lukkien, Johan J},
	title={Controller Area Network (CAN) schedulability analysis: Refuted, revisited and revised},
	journal={Real-Time Systems},
	year={2007},
	volume={35},
	number={3},
	pages={239--272}
}
@article{kopetz2003tta,
	author={Kopetz, Herman and Bauer, Günther},
	title={The time-triggered architecture}, 
	journal={Proceedings of the IEEE}, 
	year={2003},
	volume={91},
	number={1},
	pages={112-126}
}
@inproceedings{kramer2015real,
	author={Kramer, Simon and Ziegenbein, Dirk and Hamann, Arne},
	title={Real World Automotive Benchmarks For Free},
	booktitle={6th International Workshop on Analysis Tools and Methodologies for Embedded and Real-time Systems (WATERS)},
	year={2015}
}
@article{minaeva2020survey,
    author={Minaeva, Anna and Hanzálek, Zdeněk},
    title={Survey on Periodic Scheduling for Time-Triggered Hard Real-Time Systems},
    journal={ACM Computing Surveys},
    year={2021},
    volume={54},
    number={1},
    eid = {23}
}
@inproceedings{craciunas2014smt,
	author={Craciunas, Silviu S. and Oliver, Ramon S.},
	title={SMT-based Task-and Network-level Static Schedule Generation for Time-Triggered Networked Systems},
	booktitle={Proceedings of the 22nd International Conference on Real-Time Networks and Systems},
	year={2014},
	pages={45--54}
}
@inproceedings{Steiner2010smt,
  author={Steiner, Wilfried},
  title={An Evaluation of SMT-Based Schedule Synthesis for Time-Triggered Multi-hop Networks}, 
  booktitle={2010 31st IEEE Real-Time Systems Symposium}, 
  year={2010},
  pages={375-384},
}
@inproceedings{Ro2015smtretransmission,
  author={Ro, Jin W. and Roop, Partha and Malik, Avinash}, 
  title={Schedule Synthesis for Time-Triggered Multi-hop Wireless Networks with Retransmissions}, 
  booktitle={2015 IEEE 18th International Symposium on Real-Time Distributed Computing},
  year={2015},
  pages={94-101}
}
@inproceedings{nasri2017offline,
	author={Nasri, Mitra and Brandenburg, Bj{\"o}rn B.},
	title={Offline Equivalence: A Non-Preemptive Scheduling Technique for Resource-Constrained Embedded Real-Time Systems},
	booktitle={2017 IEEE Real-Time and Embedded Technology and Applications Symposium (RTAS)},
	year={2017},
	pages={75--86}
}
@article{nasri2014precautious,
	author={Nasri, Mitra and Kargahi, Mehdi},
	title={Precautious-RM: a predictable non-preemptive scheduling algorithm for harmonic tasks},
	journal={Real-Time Systems},
	year={2014},
	volume={50},
	number={4},
	pages={548--584}
}
@inproceedings{nasri2015non,
	author={Nasri, Mitra and Fohler, Gerhard},
	title={Non-Work-Conserving Scheduling of Non-Preemptive Hard Real-Time Tasks Based on Fixed Priorities},
	booktitle={RTNS '15: Proceedings of the 23rd International Conference on Real Time and Networks Systems},
	year={2015},
	pages={309--318}
}
@inproceedings{nasri2016non,
	author={Nasri, Mitra and Fohler, Gerhard},
	title={Non-Work-Conserving Non-preemptive Scheduling: Motivations, Challenges, and Potential Solutions},
	booktitle={2016 28th Euromicro Conference on Real-Time Systems (ECRTS)},
	year={2016},
	pages={165--175}
}
@inproceedings{jeffay1991non,
	author={Jeffay, Kevin and Stanat, Donald F and Martel, Charles U},
	title={On non-preemptive scheduling of periodic and sporadic tasks},
	booktitle={Proceedings Twelfth Real-Time Systems Symposium},
	year={1991},
	pages={129--139}
}
@techreport{ISO17356,
	title = {{Road vehicles — Open interface for embedded automotive applications — Part 3: OSEK/VDX Operating System (OS)}},
	institution = {International Organization for Standardization},
	type = {Standard},
	number = {ISO 17356-3:2005(E)},
	year = {2005}
}
@article{davis2016priorityassignmentreview,
	author={Davis, Robert I and Cucu-Grosjean, Liliana and Bertogna, Marko and Burns, Alan},
	title={A review of priority assignment in real-time systems},
	journal={Journal of Systems Architecture},
	year={2016},
	volume={65},
	pages={64--82}
}
@article{liu1973scheduling,
	title={Scheduling Algorithms for Multiprogramming in a Hard-Real-Time Environment},
	author={Liu, C. L. and Layland, James W},
	journal={Journal of the ACM},
	year={1973},
	volume={20},
	number={1},
	pages={46--61}
}
@article{leung1982complexity,
	author={Leung, Joseph Y-T and Whitehead, Jennifer},
	title={On the Complexity of Fixed-Priority Scheduling of Periodic, Real-Time Tasks},
	journal={Performance Evaluation},
	year={1982},
	volume={2},
	number={4},
	pages={237--250}
}
@inproceedings{lehoczky1990fixed,
	author={Lehoczky, John P},
	title={Fixed priority scheduling of periodic task sets with arbitrary deadlines},
	booktitle={[1990] Proceedings 11th Real-Time Systems Symposium},
	year={1990},
	pages={201--209}
}
@techreport{george1996preemptive,
	TITLE = {{Preemptive and Non-Preemptive Real-Time UniProcessor Scheduling}},
	AUTHOR = {George, Laurent and Rivierre, Nicolas and Spuri, Marco},
	INSTITUTION = {{INRIA}},
	TYPE = {Research Report},
	NUMBER = {RR-2966},
	YEAR = {1996},
}
@article{audsley2001priority,
	title={On priority assignment in fixed priority scheduling},
	author={Audsley, Neil C},
	journal={Information Processing Letters},
	volume={79},
	number={1},
	pages={39--44},
	year={2001}
}
@online{cmsispriorities,
	author = {ARM Limited},
	title = {{Thread Management}},
	url = {https://arm-software.github.io/CMSIS_5/RTOS2/html/group__CMSIS__RTOS__ThreadMgmt.html#gad4e3e0971b41f2d17584a8c6837342ec},
	urldate = {2021-04-11}
}
@inproceedings{davis2007robust,
	author={Davis, Robert I and Burns, Alan},
	title={Robust Priority Assignment for Fixed Priority Real-Time Systems},
	booktitle={28th IEEE International Real-Time Systems Symposium (RTSS 2007)},
	year={2007},
	pages={3--14}
}
@book{buttazzo2011hard,
	title={Hard Real-Time Computing Systems: Predictable Scheduling Algorithms and Applications},
	author={Buttazzo, Giorgio C},
	year={2011},
	edition={3},
	publisher={Springer Science \& Business Media}
}